@misc{WormAtlas,
            author = {{Altun, Z.F., Herndon, L.A., Wolkow, C.A., Crocker, C., Lints, R. and Hall}, D.H.},
            title = {{WormAtlas}},
            url = {http://www.wormatlas.org},
            year = {2015}
            }
