@inproceedings{morstatter2013sample,
  title={Is the Sample Good Enough? Comparing Data from Twitter's Streaming API with Twitter's Firehose.},
  author={Morstatter, Fred and Pfeffer, J{\"u}rgen and Liu, Huan and Carley, Kathleen M},
  booktitle={ICWSM},
  year={2013}
 }

@inproceedings{tsur2012s,
  title={What's in a hashtag?: content based prediction of the spread of ideas in microblogging communities},
  author={Tsur, Oren and Rappoport, Ari},
  booktitle={Proceedings of the fifth ACM international conference on Web search and data mining},
  pages={643--652},
  year={2012},
  organization={ACM}
}